@inproceedings{guibas.sedgewick:dichromatic,
  author    = {Leonidas J. Guibas and
               Robert Sedgewick},
  title     = {A Dichromatic Framework for Balanced Trees},
  booktitle = {FOCS},
  year      = {1978},
  pages     = {8--21},
  ee        = {http://doi.ieeecomputersociety.org/10.1109/SFCS.1978.3},
  crossref  = {DBLP:conf/focs/FOCS19},
  bibsource = {DBLP, http://dblp.uni-trier.de}
}
@proceedings{DBLP:conf/focs/FOCS19,
  title     = {19th Annual Symposium on Foundations of Computer Science,
               Ann Arbor, Michigan, USA, 16-18 October 1978},
  booktitle = {FOCS},
  publisher = {IEEE Computer Society},
  year      = {1978},
  bibsource = {DBLP, http://dblp.uni-trier.de}
}

@inproceedings{adelson-velskii.landis:algorithm,
 author = {Adelson-Velskii and Landis},
 title = {An algorithm for the organization of information},
 booktitle = {Proceedings of the USSR Academy of Sciences},
 volume = {146},
 pages = {263--266},
 year = {1962},
 note = {English translation by Myron J. Ricci in \emph{Soviet Math. Doklady}, 3:1259--1263, 1962}
}

@article{sleator.tarjan:self-adjusting,
  author    = {Daniel Dominic Sleator and
               Robert Endre Tarjan},
  title     = {Self-Adjusting Binary Search Trees},
  journal   = {J. ACM},
  volume    = {32},
  number    = {3},
  year      = {1985},
  pages     = {652-686},
  ee        = {http://doi.acm.org/10.1145/3828.3835},
  bibsource = {DBLP, http://dblp.uni-trier.de}
}

@inproceedings{galperin.rivest:scapegoat,
  author    = {Igal Galperin and
               Ronald L. Rivest},
  title     = {Scapegoat Trees},
  booktitle = {SODA},
  year      = {1993},
  pages     = {165-174},
  ee        = {http://dl.acm.org/citation.cfm?id=313559.313676},
  crossref  = {DBLP:conf/soda/1993},
  bibsource = {DBLP, http://dblp.uni-trier.de}
}
@proceedings{DBLP:conf/soda/1993,
  editor    = {Vijaya Ramachandran},
  title     = {Proceedings of the Fourth Annual ACM/SIGACT-SIAM Symposium
               on Discrete Algorithms, 25-27 January 1993, Austin, Texas},
  booktitle = {SODA},
  publisher = {ACM/SIAM},
  year      = {1993},
  isbn      = {0-89791-562-3},
  ee        = {http://dl.acm.org/citation.cfm?id=313559},
  bibsource = {DBLP, http://dblp.uni-trier.de}
}

@article{andersson:general,
  author    = {Arne Andersson},
  title     = {General Balanced Trees},
  journal   = {J. Algorithms},
  volume    = {30},
  number    = {1},
  year      = {1999},
  pages     = {1-18},
  ee        = {http://dx.doi.org/10.1006/jagm.1998.0967},
  bibsource = {DBLP, http://dblp.uni-trier.de}
}

@article{martinez:randomized,
  author    = {Conrado Mart\'{\i}nez and
               Salvador Roura},
  title     = {Randomized Binary Search Trees},
  journal   = {J. ACM},
  volume    = {45},
  number    = {2},
  year      = {1998},
  pages     = {288-323},
  ee        = {http://doi.acm.org/10.1145/274787.274812},
  bibsource = {DBLP, http://dblp.uni-trier.de}
}

@inproceedings{goodrich:competitive,
  author    = {Michael T. Goodrich},
  title     = {Competitive tree-structured dictionaries},
  booktitle = {SODA},
  year      = {2000},
  pages     = {494-495},
  ee        = {http://dl.acm.org/citation.cfm?id=338219.338596},
  crossref  = {DBLP:conf/soda/2000},
  bibsource = {DBLP, http://dblp.uni-trier.de}
}
@proceedings{DBLP:conf/soda/2000,
  editor    = {David B. Shmoys},
  title     = {Proceedings of the Eleventh Annual ACM-SIAM Symposium on
               Discrete Algorithms, January 9-11, 2000, San Francisco,
               CA, USA},
  booktitle = {SODA},
  publisher = {ACM/SIAM},
  year      = {2000},
  isbn      = {0-89871-453-2},
  ee        = {http://dl.acm.org/citation.cfm?id=338219},
  bibsource = {DBLP, http://dblp.uni-trier.de}
}

@article{aragon.seidel:randomized,
  author    = {Raimund Seidel and
               Cecilia R. Aragon},
  title     = {Randomized Search Trees},
  journal   = {Algorithmica},
  volume    = {16},
  number    = {4/5},
  year      = {1996},
  pages     = {464-497},
  ee        = {http://dx.doi.org/10.1007/BF01940876},
  bibsource = {DBLP, http://dblp.uni-trier.de}
}

@article{vuillemin:unifying,
  author    = {Jean Vuillemin},
  title     = {A Unifying Look at Data Structures},
  journal   = {Commun. ACM},
  volume    = {23},
  number    = {4},
  year      = {1980},
  pages     = {229-239},
  ee        = {http://doi.acm.org/10.1145/358841.358852},
  bibsource = {DBLP, http://dblp.uni-trier.de}
}

@article{pugh:skip,
  author    = {William Pugh},
  title     = {Skip Lists: A Probabilistic Alternative to Balanced Trees},
  journal   = {Commun. ACM},
  volume    = {33},
  number    = {6},
  year      = {1990},
  pages     = {668-676},
  ee        = {http://doi.acm.org/10.1145/78973.78977},
  bibsource = {DBLP, http://dblp.uni-trier.de}
}

@inproceedings{bronnimann.cazals.ea:randomized,
  author    = {Herv{\'e} Br{\"o}nnimann and
               Fr{\'e}d{\'e}ric Cazals and
               Marianne Durand},
  title     = {Randomized Jumplists: A Jump-and-Walk Dictionary Data Structure},
  booktitle = {STACS},
  year      = {2003},
  pages     = {283-294},
  ee        = {http://dx.doi.org/10.1007/3-540-36494-3_26},
  crossref  = {DBLP:conf/stacs/2003},
  bibsource = {DBLP, http://dblp.uni-trier.de}
}
@proceedings{DBLP:conf/stacs/2003,
  editor    = {Helmut Alt and
               Michel Habib},
  title     = {STACS 2003, 20th Annual Symposium on Theoretical Aspects
               of Computer Science, Berlin, Germany, February 27 - March
               1, 2003, Proceedings},
  booktitle = {STACS},
  publisher = {Springer},
  series    = {Lecture Notes in Computer Science},
  volume    = {2607},
  year      = {2003},
  isbn      = {3-540-00623-0},
  bibsource = {DBLP, http://dblp.uni-trier.de}
}

@inproceedings{iacono:alternatives,
  author    = {John Iacono},
  title     = {Alternatives to splay trees with O(log n) worst-case access
               times},
  booktitle = {SODA},
  year      = {2001},
  pages     = {516-522},
  ee        = {http://dl.acm.org/citation.cfm?id=365411.365522},
  crossref  = {DBLP:conf/soda/2001},
  bibsource = {DBLP, http://dblp.uni-trier.de}
}
@proceedings{DBLP:conf/soda/2001,
  editor    = {S. Rao Kosaraju},
  title     = {Proceedings of the Twelfth Annual Symposium on Discrete
               Algorithms, January 7-9, 2001, Washington, DC, USA},
  booktitle = {SODA},
  publisher = {ACM/SIAM},
  year      = {2001},
  isbn      = {0-89871-490-7},
  ee        = {http://dl.acm.org/citation.cfm?id=365411},
  bibsource = {DBLP, http://dblp.uni-trier.de}
}

@inproceedings{bose.douieb.ea:dynamic,
  author    = {Prosenjit Bose and
               Karim Dou\"{\i}eb and
               Stefan Langerman},
  title     = {Dynamic optimality for skip lists and B-trees},
  booktitle = {SODA},
  year      = {2008},
  pages     = {1106-1114},
  ee        = {http://dl.acm.org/citation.cfm?id=1347082.1347203},
  crossref  = {DBLP:conf/soda/2008},
  bibsource = {DBLP, http://dblp.uni-trier.de}
}
@proceedings{DBLP:conf/soda/2008,
  editor    = {Shang-Hua Teng},
  title     = {Proceedings of the Nineteenth Annual ACM-SIAM Symposium
               on Discrete Algorithms, SODA 2008, San Francisco, California,
               USA, January 20-22, 2008},
  booktitle = {SODA},
  publisher = {SIAM},
  year      = {2008},
  ee        = {http://dl.acm.org/citation.cfm?id=1347082},
  bibsource = {DBLP, http://dblp.uni-trier.de}
}

@article{bose.douieb.ea:layered,
  author    = {Prosenjit Bose and
               Karim Dou\"{\i}eb and
               Vida Dujmovic and
               John Howat},
  title     = {Layered Working-Set Trees},
  journal   = {Algorithmica},
  volume    = {63},
  number    = {1-2},
  year      = {2012},
  pages     = {476-489},
  ee        = {http://dx.doi.org/10.1007/s00453-011-9542-1},
  bibsource = {DBLP, http://dblp.uni-trier.de}
}

@inproceedings{derryberry.sleator:skip-splay,
  author    = {Jonathan Derryberry and
               Daniel Dominic Sleator},
  title     = {Skip-Splay: Toward Achieving the Unified Bound in the BST
               Model},
  booktitle = {WADS},
  year      = {2009},
  pages     = {194-205},
  ee        = {http://dx.doi.org/10.1007/978-3-642-03367-4_18},
  crossref  = {DBLP:conf/wads/2009},
  bibsource = {DBLP, http://dblp.uni-trier.de}
}
@proceedings{DBLP:conf/wads/2009,
  editor    = {Frank K. H. A. Dehne and
               Marina L. Gavrilova and
               J{\"o}rg-R{\"u}diger Sack and
               Csaba D. T{\'o}th},
  title     = {Algorithms and Data Structures, 11th International Symposium,
               WADS 2009, Banff, Canada, August 21-23, 2009. Proceedings},
  booktitle = {WADS},
  publisher = {Springer},
  series    = {Lecture Notes in Computer Science},
  volume    = {5664},
  year      = {2009},
  isbn      = {978-3-642-03366-7},
  ee        = {http://dx.doi.org/10.1007/978-3-642-03367-4},
  bibsource = {DBLP, http://dblp.uni-trier.de}
}

@article{badoiu.cole.ea:unified,
  author    = {Mihai Badoiu and
               Richard Cole and
               Erik D. Demaine and
               John Iacono},
  title     = {A unified access bound on comparison-based dynamic dictionaries},
  journal   = {Theor. Comput. Sci.},
  volume    = {382},
  number    = {2},
  year      = {2007},
  pages     = {86-96},
  ee        = {http://dx.doi.org/10.1016/j.tcs.2007.03.002},
  bibsource = {DBLP, http://dblp.uni-trier.de}
}

@inproceedings{fagerberg:binary,
  author    = {Rolf Fagerberg},
  title     = {Binary Search Trees: How Low Can You Go?},
  booktitle = {SWAT},
  year      = {1996},
  pages     = {428-439},
  ee        = {http://dx.doi.org/10.1007/3-540-61422-2_151},
  crossref  = {DBLP:conf/swat/1996},
  bibsource = {DBLP, http://dblp.uni-trier.de}
}
@proceedings{DBLP:conf/swat/1996,
  editor    = {Rolf G. Karlsson and
               Andrzej Lingas},
  title     = {Algorithm Theory - SWAT '96, 5th Scandinavian Workshop on
               Algorithm Theory, Reykjav\'{\i}k, Iceland, July 3-5, 1996,
               Proceedings},
  booktitle = {SWAT},
  publisher = {Springer},
  series    = {Lecture Notes in Computer Science},
  volume    = {1097},
  year      = {1996},
  isbn      = {3-540-61422-2},
  bibsource = {DBLP, http://dblp.uni-trier.de}
}

@inproceedings{andersson.lai:fast,
  author    = {Arne Andersson and
               Tony W. Lai},
  title     = {Fast Updating of Well-Balanced Trees},
  booktitle = {SWAT},
  year      = {1990},
  pages     = {111-121},
  ee        = {http://dx.doi.org/10.1007/3-540-52846-6_82},
  crossref  = {DBLP:conf/swat/1990},
  bibsource = {DBLP, http://dblp.uni-trier.de}
}
@proceedings{DBLP:conf/swat/1990,
  editor    = {John R. Gilbert and
               Rolf G. Karlsson},
  title     = {SWAT 90, 2nd Scandinavian Workshop on Algorithm Theory,
               Bergen, Norway, July 11-14, 1990, Proceedings},
  booktitle = {SWAT},
  publisher = {Springer},
  series    = {Lecture Notes in Computer Science},
  volume    = {447},
  year      = {1990},
  isbn      = {3-540-52846-6},
  bibsource = {DBLP, http://dblp.uni-trier.de}
}

@Misc{sedgewick:left-leaning,
  author    = {Robert Sedgewick},
  title     = {Left-Leaning Red-Black Trees},
  howpublished = {Manuscript},
  url       = {http://www.cs.princeton.edu/~rs/talks/LLRB/RedBlack.pdf}
}

@Book{morin:open,
  author    = {Pat Morin},
  title     = {Open Data Structures: An Introduction},
  publisher = {Athabasca University Press},
  address   = {Edmonton},
  year      = {2013},
  note      = {C++ code available at \url{http://opendatastructures.org/}}
}


